
 <record>
  <leader>-----nas-a2200000z--4500</leader>
  <controlfield tag="008">150820uuuuuuuuuxx-uu-|------u|----|eng-d</controlfield>
  <datafield tag="010" ind1="" ind2="">
   <subfield code="a">sc 78001886 </subfield>
  </datafield>
  <datafield tag="245" ind1="" ind2="0">
   <subfield code="a">ABCA bulletin</subfield>
  </datafield>
  <datafield tag="210" ind1="" ind2="">
   <subfield code="a">A B C A BULLETIN</subfield>
  </datafield>
  <datafield tag="260" ind1="" ind2="">
   <subfield code="a">Urbana, Ill.,</subfield>
   <subfield code="b">[American Business Communication Association]</subfield>
  </datafield>
  <datafield tag="022" ind1="" ind2="">
   <subfield code="a">0001-0383</subfield>
  </datafield>
  <datafield tag="090" ind1="" ind2="">
   <subfield code="a">954921332002</subfield>
  </datafield>
  <datafield tag="866" ind1="" ind2="">
   <subfield code="a">Available from 1969 until 1984. </subfield>
   <subfield code="b">$obj-&gt;parsedDate('&gt;=','1969',undef,undef) &amp;&amp; $obj-&gt;parsedDate('&lt;=','1984',undef,undef)</subfield>
   <subfield code="c">G</subfield>
   <subfield code="s">3230000000000051</subfield>
   <subfield code="t">3230000000000047</subfield>
   <subfield code="x">SAGE Deep Backfile Package 2012:Full Text</subfield>
   <subfield code="z">10920000000045475</subfield>
  </datafield>
  <datafield tag="650" ind1="" ind2="4">
   <subfield code="a">Business, Economy and Management</subfield>
   <subfield code="x">Trade and Commerce</subfield>
  </datafield>
 </record>