
 <record>
  <leader>-----nas-a2200000z--4500</leader>
  <controlfield tag="008">150820uuuuuuuuuxx-uu-|------u|----|eng-d</controlfield>
  <datafield tag="010" ind1="" ind2="">
   <subfield code="a">   72625231 </subfield>
  </datafield>
  <datafield tag="245" ind1="" ind2="0">
   <subfield code="a">Planning</subfield>
  </datafield>
  <datafield tag="210" ind1="" ind2="">
   <subfield code="a">Planning (U.S.)</subfield>
  </datafield>
  <datafield tag="210" ind1="" ind2="">
   <subfield code="a">Planning (U.K.)</subfield>
  </datafield>
  <datafield tag="260" ind1="" ind2="">
   <subfield code="a">Chicago, Ill.</subfield>
   <subfield code="b">American Planning Association</subfield>
  </datafield>
  <datafield tag="022" ind1="" ind2="">
   <subfield code="a">0001-2610</subfield>
  </datafield>
  <datafield tag="776" ind1="" ind2="">
   <subfield code="x">2162-4577</subfield>
  </datafield>
  <datafield tag="090" ind1="" ind2="">
   <subfield code="a">954921332004</subfield>
  </datafield>
  <datafield tag="866" ind1="" ind2="">
   <subfield code="a">Available from 1993. </subfield>
   <subfield code="s">1000000000002159</subfield>
   <subfield code="t">1000000000001505</subfield>
   <subfield code="x">Academic Search Complete:Full Text</subfield>
   <subfield code="z">1000000000670867</subfield>
  </datafield>
  <datafield tag="866" ind1="" ind2="">
   <subfield code="a">Available from 1993. </subfield>
   <subfield code="s">1000000000001224</subfield>
   <subfield code="t">1000000000000630</subfield>
   <subfield code="x">Business Source Complete:Full Text</subfield>
   <subfield code="z">1000000000125102</subfield>
  </datafield>
  <datafield tag="866" ind1="" ind2="">
   <subfield code="a">Available from 1993. </subfield>
   <subfield code="s">1000000000002156</subfield>
   <subfield code="t">1000000000001503</subfield>
   <subfield code="x">EBSCOhost Environment Complete:Full Text</subfield>
   <subfield code="z">1000000000651041</subfield>
  </datafield>
  <datafield tag="866" ind1="" ind2="">
   <subfield code="a">Available from 1993. </subfield>
   <subfield code="s">3580000000000014</subfield>
   <subfield code="t">3580000000000012</subfield>
   <subfield code="x">EBSCOhost Legal Source:Full Text</subfield>
   <subfield code="z">3580000000008070</subfield>
  </datafield>
  <datafield tag="866" ind1="" ind2="">
   <subfield code="a">Available from 1993. </subfield>
   <subfield code="s">3450000000000061</subfield>
   <subfield code="t">3450000000000049</subfield>
   <subfield code="x">EBSCOhost OmniFile Full Text Select:Full Text</subfield>
   <subfield code="z">2670000000679150</subfield>
  </datafield>
  <datafield tag="866" ind1="" ind2="">
   <subfield code="a">Available from 2002. </subfield>
   <subfield code="s">111037301464002</subfield>
   <subfield code="t">111037301464000</subfield>
   <subfield code="x">Factiva:Full Text</subfield>
   <subfield code="z">1000000000776852</subfield>
  </datafield>
  <datafield tag="866" ind1="" ind2="">
   <subfield code="a">Available from 1993. </subfield>
   <subfield code="s">110976114395371</subfield>
   <subfield code="t">110976114395369</subfield>
   <subfield code="x">MasterFILE Premier:Full Text</subfield>
   <subfield code="z">110976116300182</subfield>
  </datafield>
  <datafield tag="866" ind1="" ind2="">
   <subfield code="a">Available from 1987. </subfield>
   <subfield code="s">2550000000000007</subfield>
   <subfield code="t">2550000000000007</subfield>
   <subfield code="x">ProQuest ABI/INFORM Complete New Platform:Full Text</subfield>
   <subfield code="z">2550000000162306</subfield>
  </datafield>
  <datafield tag="650" ind1="" ind2="4">
   <subfield code="a">Business, Economy and Management</subfield>
   <subfield code="x">Economics</subfield>
  </datafield>
  <datafield tag="650" ind1="" ind2="4">
   <subfield code="a">Business, Economy and Management</subfield>
   <subfield code="x">General and Others</subfield>
  </datafield>
  <datafield tag="650" ind1="" ind2="4">
   <subfield code="a">Engineering</subfield>
   <subfield code="x">Industrial Engineering</subfield>
  </datafield>
  <datafield tag="650" ind1="" ind2="4">
   <subfield code="a">Social Sciences</subfield>
   <subfield code="x">Developmental Issues &amp; Socioeconomic Studies</subfield>
  </datafield>
 </record>