
 <record>
  <leader>-----nas-a2200000z--4500</leader>
  <controlfield tag="008">150820uuuuuuuuuxx-uu-|------u|----|eng-d</controlfield>
  <datafield tag="010" ind1="" ind2="">
   <subfield code="a">  2002238702</subfield>
  </datafield>
  <datafield tag="245" ind1="" ind2="0">
   <subfield code="a">Abacus</subfield>
  </datafield>
  <datafield tag="210" ind1="" ind2="">
   <subfield code="a">ABACUS OXFORD</subfield>
  </datafield>
  <datafield tag="210" ind1="" ind2="">
   <subfield code="a">ABACUS A JOURNAL OF ACCOUNTING FINANCE AND BUSINESS STUDIES</subfield>
  </datafield>
  <datafield tag="260" ind1="" ind2="">
   <subfield code="a">Sydney, N.S.W.</subfield>
   <subfield code="b">Blackwell Publishing Limited</subfield>
  </datafield>
  <datafield tag="022" ind1="" ind2="">
   <subfield code="a">0001-3072</subfield>
  </datafield>
  <datafield tag="776" ind1="" ind2="">
   <subfield code="x">1467-6281</subfield>
  </datafield>
  <datafield tag="090" ind1="" ind2="">
   <subfield code="a">954921333005</subfield>
  </datafield>
  <datafield tag="866" ind1="" ind2="">
   <subfield code="a">Available from 1965. Most recent 1 year(s) not available. </subfield>
   <subfield code="s">1000000000001224</subfield>
   <subfield code="t">1000000000000630</subfield>
   <subfield code="x">Business Source Complete:Full Text</subfield>
   <subfield code="z">1000000000123028</subfield>
  </datafield>
  <datafield tag="866" ind1="" ind2="">
   <subfield code="a">Available from 1997 volume: 33 issue: 1. </subfield>
   <subfield code="s">2430000000000037</subfield>
   <subfield code="t">2430000000000021</subfield>
   <subfield code="x">CRKN Wiley Online Library:Full Text</subfield>
   <subfield code="z">2430000000116890</subfield>
  </datafield>
  <datafield tag="866" ind1="" ind2="">
   <subfield code="a">Available from 1965. Most recent 1 year(s) not available. </subfield>
   <subfield code="s">1000000000001117</subfield>
   <subfield code="t">1000000000000564</subfield>
   <subfield code="x">Humanities International Complete:Full Text</subfield>
   <subfield code="z">1000000000717072</subfield>
  </datafield>
  <datafield tag="866" ind1="" ind2="">
   <subfield code="a">Available from 1965 volume: 1 issue: 1 until 1996 volume: 32 issue: 2. </subfield>
   <subfield code="s">1000000000002782</subfield>
   <subfield code="t">1000000000002101</subfield>
   <subfield code="x">Wiley Online Library Economics, Finance and Accounting backfiles:Full Text</subfield>
   <subfield code="z">1000000001305065</subfield>
  </datafield>
  <datafield tag="650" ind1="" ind2="4">
   <subfield code="a">Business, Economy and Management</subfield>
   <subfield code="x">General and Others</subfield>
  </datafield>
  <datafield tag="650" ind1="" ind2="4">
   <subfield code="a">Business, Economy and Management</subfield>
   <subfield code="x">Trade and Commerce</subfield>
  </datafield>
  <datafield tag="650" ind1="" ind2="4">
   <subfield code="a">Law</subfield>
   <subfield code="x">General and Others</subfield>
  </datafield>
 </record>