
 <record>
  <leader>-----nas-a2200000z--4500</leader>
  <controlfield tag="008">150820uuuuuuuuuxx-uu-|------u|----|ger-d</controlfield>
  <datafield tag="245" ind1="" ind2="0">
   <subfield code="a">Absatzwirtschaft</subfield>
  </datafield>
  <datafield tag="260" ind1="" ind2="">
   <subfield code="a">Düsseldorf</subfield>
   <subfield code="b">Handelsblatt-GmbH</subfield>
  </datafield>
  <datafield tag="022" ind1="" ind2="">
   <subfield code="a">0001-3374</subfield>
  </datafield>
  <datafield tag="090" ind1="" ind2="">
   <subfield code="a">954921333006</subfield>
  </datafield>
  <datafield tag="866" ind1="" ind2="">
   <subfield code="a">Available from 2013. </subfield>
   <subfield code="s">111037301464002</subfield>
   <subfield code="t">111037301464000</subfield>
   <subfield code="x">Factiva:Full Text</subfield>
   <subfield code="z">3400000000276756</subfield>
  </datafield>
  <datafield tag="650" ind1="" ind2="4">
   <subfield code="a">Business, Economy and Management</subfield>
   <subfield code="x">Marketing and Sales</subfield>
  </datafield>
 </record>