
 <record>
  <leader>-----nas-a2200000z--4500</leader>
  <controlfield tag="008">150820uuuuuuuuuxx-uu-|------u|----|eng-d</controlfield>
  <datafield tag="010" ind1="" ind2="">
   <subfield code="a">   58003817 </subfield>
  </datafield>
  <datafield tag="245" ind1="" ind2="0">
   <subfield code="a">Academy of Management journal</subfield>
  </datafield>
  <datafield tag="210" ind1="" ind2="">
   <subfield code="a">ACAD MANAGE J</subfield>
  </datafield>
  <datafield tag="210" ind1="" ind2="">
   <subfield code="a">ACADEMY OF MANAGEMENT JOURNAL (AMJ)</subfield>
  </datafield>
  <datafield tag="210" ind1="" ind2="">
   <subfield code="a">ACADEMY OF MANAGEMENT JOURNAL</subfield>
  </datafield>
  <datafield tag="210" ind1="" ind2="">
   <subfield code="a">JOURNAL OF THE ACADEMY OF MANAGEMENT  </subfield>
  </datafield>
  <datafield tag="210" ind1="" ind2="">
   <subfield code="a">ACAD. MANAGE. J</subfield>
  </datafield>
  <datafield tag="260" ind1="" ind2="">
   <subfield code="a">Ada, Ohio</subfield>
   <subfield code="b">Academy of Management</subfield>
  </datafield>
  <datafield tag="022" ind1="" ind2="">
   <subfield code="a">0001-4273</subfield>
  </datafield>
  <datafield tag="776" ind1="" ind2="">
   <subfield code="x">1948-0989</subfield>
  </datafield>
  <datafield tag="090" ind1="" ind2="">
   <subfield code="a">954921333007</subfield>
  </datafield>
  <datafield tag="866" ind1="" ind2="">
   <subfield code="a">Available from 1963. </subfield>
   <subfield code="s">1000000000001224</subfield>
   <subfield code="t">1000000000000630</subfield>
   <subfield code="x">Business Source Complete:Full Text</subfield>
   <subfield code="z">1000000000123030</subfield>
  </datafield>
  <datafield tag="866" ind1="" ind2="">
   <subfield code="a">Available from 1963 volume: 6 issue: 1 until 2009 volume: 52 issue: 6. </subfield>
   <subfield code="s">111081201237001</subfield>
   <subfield code="t">111081201237000</subfield>
   <subfield code="x">JSTOR Arts and Sciences IV:Full Text</subfield>
   <subfield code="z">111082312354000</subfield>
  </datafield>
  <datafield tag="866" ind1="" ind2="">
   <subfield code="a">Available from 1963 volume: 6 issue: 1 until 2009 volume: 52 issue: 6. </subfield>
   <subfield code="s">111006221384001</subfield>
   <subfield code="t">111006221384000</subfield>
   <subfield code="x">JSTOR Business Collection:Full Text</subfield>
   <subfield code="z">111006223850027</subfield>
  </datafield>
  <datafield tag="866" ind1="" ind2="">
   <subfield code="a">Available from 1963 until 1985. </subfield>
   <subfield code="s">2550000000000007</subfield>
   <subfield code="t">2550000000000007</subfield>
   <subfield code="x">ProQuest ABI/INFORM Complete New Platform:Full Text</subfield>
   <subfield code="z">2550000000159517</subfield>
  </datafield>
  <datafield tag="866" ind1="" ind2="">
   <subfield code="a">Available from 1987 until 2001. </subfield>
   <subfield code="s">2550000000000007</subfield>
   <subfield code="t">2550000000000007</subfield>
   <subfield code="x">ProQuest ABI/INFORM Complete New Platform:Full Text</subfield>
   <subfield code="z">2550000000159516</subfield>
  </datafield>
  <datafield tag="866" ind1="" ind2="">
   <subfield code="a">Available from 1963 until 1985. </subfield>
   <subfield code="s">2610000000000087</subfield>
   <subfield code="t">2610000000000087</subfield>
   <subfield code="x">ProQuest Entrepreneurship New Platform:Full Text</subfield>
   <subfield code="z">2550000000176352</subfield>
  </datafield>
  <datafield tag="866" ind1="" ind2="">
   <subfield code="a">Available from 1987 until 2001. </subfield>
   <subfield code="s">2610000000000087</subfield>
   <subfield code="t">2610000000000087</subfield>
   <subfield code="x">ProQuest Entrepreneurship New Platform:Full Text</subfield>
   <subfield code="z">2550000000176351</subfield>
  </datafield>
  <datafield tag="650" ind1="" ind2="4">
   <subfield code="a">Business, Economy and Management</subfield>
   <subfield code="x">Business Management</subfield>
  </datafield>
  <datafield tag="650" ind1="" ind2="4">
   <subfield code="a">Business, Economy and Management</subfield>
   <subfield code="x">Economics</subfield>
  </datafield>
  <datafield tag="650" ind1="" ind2="4">
   <subfield code="a">Business, Economy and Management</subfield>
   <subfield code="x">General and Others</subfield>
  </datafield>
 </record>