
 <record>
  <leader>-----nas-a2200000z--4500</leader>
  <controlfield tag="008">150820uuuuuuuuuxx-uu-|------u|----|eng-d</controlfield>
  <datafield tag="010" ind1="" ind2="">
   <subfield code="a">   44035340 </subfield>
  </datafield>
  <datafield tag="245" ind1="" ind2="0">
   <subfield code="a">Accountancy</subfield>
  </datafield>
  <datafield tag="210" ind1="" ind2="">
   <subfield code="a">ACCOUNTANCY THE LEADING MAGAZINE FOR FINANCE IN BUSINESS</subfield>
  </datafield>
  <datafield tag="210" ind1="" ind2="">
   <subfield code="a">Accountancy (U.K.)</subfield>
  </datafield>
  <datafield tag="260" ind1="" ind2="">
   <subfield code="a">[London]</subfield>
   <subfield code="b">[Society of Incorporated Accountants and Auditors]</subfield>
  </datafield>
  <datafield tag="022" ind1="" ind2="">
   <subfield code="a">0001-4664</subfield>
  </datafield>
  <datafield tag="090" ind1="" ind2="">
   <subfield code="a">954921333008</subfield>
  </datafield>
  <datafield tag="866" ind1="" ind2="">
   <subfield code="a">Available from 2003 until 2010. </subfield>
   <subfield code="s">1000000000001224</subfield>
   <subfield code="t">1000000000000630</subfield>
   <subfield code="x">Business Source Complete:Full Text</subfield>
   <subfield code="z">1000000000123035</subfield>
  </datafield>
  <datafield tag="866" ind1="" ind2="">
   <subfield code="a">Available from 1994 until 2007. </subfield>
   <subfield code="s">111037301464002</subfield>
   <subfield code="t">111037301464000</subfield>
   <subfield code="x">Factiva:Full Text</subfield>
   <subfield code="z">1000000000120327</subfield>
  </datafield>
  <datafield tag="650" ind1="" ind2="4">
   <subfield code="a">Business, Economy and Management</subfield>
   <subfield code="x">General and Others</subfield>
  </datafield>
  <datafield tag="650" ind1="" ind2="4">
   <subfield code="a">Business, Economy and Management</subfield>
   <subfield code="x">Trade and Commerce</subfield>
  </datafield>
  <datafield tag="650" ind1="" ind2="4">
   <subfield code="a">Law</subfield>
   <subfield code="x">General and Others</subfield>
  </datafield>
 </record>