
 <record>
  <leader>-----nas-a2200000z--4500</leader>
  <controlfield tag="008">150820uuuuuuuuuxx-uu-|------u|----|dut-d</controlfield>
  <datafield tag="245" ind1="" ind2="0">
   <subfield code="a">De Accountant</subfield>
  </datafield>
  <datafield tag="260" ind1="" ind2="">
   <subfield code="a">Amsterdam,</subfield>
   <subfield code="b">Nederlandsch Instituut van Accountants.</subfield>
  </datafield>
  <datafield tag="022" ind1="" ind2="">
   <subfield code="a">0001-4729</subfield>
  </datafield>
  <datafield tag="090" ind1="" ind2="">
   <subfield code="a">954921333010</subfield>
  </datafield>
  <datafield tag="866" ind1="" ind2="">
   <subfield code="a">Available from 2002 until 2010. </subfield>
   <subfield code="s">110976638852341</subfield>
   <subfield code="t">110976638852340</subfield>
   <subfield code="x">Free E- Journals:Full Text</subfield>
   <subfield code="z">3340000000000812</subfield>
  </datafield>
  <datafield tag="650" ind1="" ind2="4">
   <subfield code="a">Business, Economy and Management</subfield>
   <subfield code="x">Trade and Commerce</subfield>
  </datafield>
 </record>