
 <record>
  <leader>-----nas-a2200000z--4500</leader>
  <controlfield tag="008">150820uuuuuuuuuxx-uu-|------u|----|eng-d</controlfield>
  <datafield tag="010" ind1="" ind2="">
   <subfield code="a">sn 85011308 </subfield>
  </datafield>
  <datafield tag="245" ind1="" ind2="0">
   <subfield code="a">Accounting and business research</subfield>
  </datafield>
  <datafield tag="210" ind1="" ind2="">
   <subfield code="a">ACCOUNTING &amp; BUSINESS RESEARCH</subfield>
  </datafield>
  <datafield tag="210" ind1="" ind2="">
   <subfield code="a">ACCOUNT BUS RES</subfield>
  </datafield>
  <datafield tag="210" ind1="" ind2="">
   <subfield code="a">ACCOUNT. BUS. RES</subfield>
  </datafield>
  <datafield tag="260" ind1="" ind2="">
   <subfield code="a">[London,]</subfield>
   <subfield code="b">[Institute of Chartered Accountants in England and Wales]</subfield>
  </datafield>
  <datafield tag="022" ind1="" ind2="">
   <subfield code="a">0001-4788</subfield>
  </datafield>
  <datafield tag="776" ind1="" ind2="">
   <subfield code="x">2159-4260</subfield>
  </datafield>
  <datafield tag="090" ind1="" ind2="">
   <subfield code="a">954921333013</subfield>
  </datafield>
  <datafield tag="866" ind1="" ind2="">
   <subfield code="a">Available from 1982 until 2010. </subfield>
   <subfield code="s">1000000000001224</subfield>
   <subfield code="t">1000000000000630</subfield>
   <subfield code="x">Business Source Complete:Full Text</subfield>
   <subfield code="z">1000000000123037</subfield>
  </datafield>
  <datafield tag="866" ind1="" ind2="">
   <subfield code="a">Available from 1987 until 2010. </subfield>
   <subfield code="s">2550000000000007</subfield>
   <subfield code="t">2550000000000007</subfield>
   <subfield code="x">ProQuest ABI/INFORM Complete New Platform:Full Text</subfield>
   <subfield code="z">3440000000000377</subfield>
  </datafield>
  <datafield tag="866" ind1="" ind2="">
   <subfield code="a">Available from 1987 until 2010. </subfield>
   <subfield code="s">2400000000000008</subfield>
   <subfield code="t">2400000000000008</subfield>
   <subfield code="x">ProQuest Accounting and Tax Database New Platform:Full Text</subfield>
   <subfield code="z">2550000000129709</subfield>
  </datafield>
  <datafield tag="866" ind1="" ind2="">
   <subfield code="a">Available from 1970 volume: 1 issue: 1 until 1996 volume: 27 issue: 1. </subfield>
   <subfield code="s">1000000000002877</subfield>
   <subfield code="t">1000000000002195</subfield>
   <subfield code="x">Taylor &amp; Francis Business, Management and Economics Online Archive:Full Text</subfield>
   <subfield code="z">3360000000373488</subfield>
  </datafield>
  <datafield tag="866" ind1="" ind2="">
   <subfield code="a">Available from 1997 volume: 27 issue: 2. </subfield>
   <subfield code="s">1000000000002413</subfield>
   <subfield code="t">1000000000001760</subfield>
   <subfield code="x">Taylor &amp; Francis Social Science and Humanities Library:Full Text</subfield>
   <subfield code="z">3370000000003386</subfield>
  </datafield>
  <datafield tag="650" ind1="" ind2="4">
   <subfield code="a">Business, Economy and Management</subfield>
   <subfield code="x">General and Others</subfield>
  </datafield>
  <datafield tag="650" ind1="" ind2="4">
   <subfield code="a">Law</subfield>
   <subfield code="x">General and Others</subfield>
  </datafield>
  <datafield tag="650" ind1="" ind2="4">
   <subfield code="a">Law</subfield>
   <subfield code="x">Investment Laws</subfield>
  </datafield>
  <datafield tag="650" ind1="" ind2="4">
   <subfield code="a">Law</subfield>
   <subfield code="x">Taxation Laws</subfield>
  </datafield>
 </record>