
 <record>
  <leader>-----nas-a2200000z--4500</leader>
  <controlfield tag="008">150820uuuuuuuuuxx-uu-|------u|----|eng-d</controlfield>
  <datafield tag="010" ind1="" ind2="">
   <subfield code="a">29008222</subfield>
  </datafield>
  <datafield tag="245" ind1="" ind2="4">
   <subfield code="a">The Accounting review</subfield>
  </datafield>
  <datafield tag="210" ind1="" ind2="">
   <subfield code="a">ACCOUNTING REVIEW</subfield>
  </datafield>
  <datafield tag="210" ind1="" ind2="">
   <subfield code="a">ACCOUNT REV</subfield>
  </datafield>
  <datafield tag="210" ind1="" ind2="">
   <subfield code="a">ACCOUNT. REV</subfield>
  </datafield>
  <datafield tag="260" ind1="" ind2="">
   <subfield code="a">[Sarasota, Fla., etc.]</subfield>
   <subfield code="b">American Accounting Association.</subfield>
  </datafield>
  <datafield tag="022" ind1="" ind2="">
   <subfield code="a">0001-4826</subfield>
  </datafield>
  <datafield tag="776" ind1="" ind2="">
   <subfield code="x">1558-7967</subfield>
  </datafield>
  <datafield tag="090" ind1="" ind2="">
   <subfield code="a">954921333014</subfield>
  </datafield>
  <datafield tag="866" ind1="" ind2="">
   <subfield code="a">Available from 1926. </subfield>
   <subfield code="s">1000000000001224</subfield>
   <subfield code="t">1000000000000630</subfield>
   <subfield code="x">Business Source Complete:Full Text</subfield>
   <subfield code="z">1000000000123048</subfield>
  </datafield>
  <datafield tag="866" ind1="" ind2="">
   <subfield code="a">Available from 1995 until 2011. </subfield>
   <subfield code="s">3450000000000061</subfield>
   <subfield code="t">3450000000000049</subfield>
   <subfield code="x">EBSCOhost OmniFile Full Text Select:Full Text</subfield>
   <subfield code="z">3450000000026678</subfield>
  </datafield>
  <datafield tag="866" ind1="" ind2="">
   <subfield code="a">Available from 1926 volume: 1 issue: 1 until 2009 volume: 84 issue: 6. </subfield>
   <subfield code="s">111081201237001</subfield>
   <subfield code="t">111081201237000</subfield>
   <subfield code="x">JSTOR Arts and Sciences IV:Full Text</subfield>
   <subfield code="z">111082312354001</subfield>
  </datafield>
  <datafield tag="866" ind1="" ind2="">
   <subfield code="a">Available from 1926 volume: 1 issue: 1 until 2009 volume: 84 issue: 6. </subfield>
   <subfield code="s">111006221384001</subfield>
   <subfield code="t">111006221384000</subfield>
   <subfield code="x">JSTOR Business Collection:Full Text</subfield>
   <subfield code="z">111006223850028</subfield>
  </datafield>
  <datafield tag="866" ind1="" ind2="">
   <subfield code="a">Available from 1988 until 2012. </subfield>
   <subfield code="s">2550000000000007</subfield>
   <subfield code="t">2550000000000007</subfield>
   <subfield code="x">ProQuest ABI/INFORM Complete New Platform:Full Text</subfield>
   <subfield code="z">2550000000159531</subfield>
  </datafield>
  <datafield tag="866" ind1="" ind2="">
   <subfield code="a">Available from 1988 until 2012. </subfield>
   <subfield code="s">2400000000000008</subfield>
   <subfield code="t">2400000000000008</subfield>
   <subfield code="x">ProQuest Accounting and Tax Database New Platform:Full Text</subfield>
   <subfield code="z">2550000000129706</subfield>
  </datafield>
  <datafield tag="866" ind1="" ind2="">
   <subfield code="a">Available from 1926 until 1995. </subfield>
   <subfield code="s">3410000000000021</subfield>
   <subfield code="t">3410000000000020</subfield>
   <subfield code="x">ProQuest PAO Periodicals Archive Online New Platform:Full Text</subfield>
   <subfield code="z">3410000000007683</subfield>
  </datafield>
  <datafield tag="650" ind1="" ind2="4">
   <subfield code="a">Business, Economy and Management</subfield>
   <subfield code="x">Accounting and Auditing</subfield>
  </datafield>
  <datafield tag="650" ind1="" ind2="4">
   <subfield code="a">Business, Economy and Management</subfield>
   <subfield code="x">Business Management</subfield>
  </datafield>
  <datafield tag="650" ind1="" ind2="4">
   <subfield code="a">Business, Economy and Management</subfield>
   <subfield code="x">Finance</subfield>
  </datafield>
  <datafield tag="650" ind1="" ind2="4">
   <subfield code="a">Business, Economy and Management</subfield>
   <subfield code="x">General and Others</subfield>
  </datafield>
  <datafield tag="650" ind1="" ind2="4">
   <subfield code="a">Business, Economy and Management</subfield>
   <subfield code="x">Trade and Commerce</subfield>
  </datafield>
 </record>