
 <record>
  <leader>-----nas-a2200000z--4500</leader>
  <controlfield tag="008">150820uuuuuuuuuxx-uu-|------u|----|eng-d</controlfield>
  <datafield tag="245" ind1="" ind2="0">
   <subfield code="a">Adhesives age</subfield>
  </datafield>
  <datafield tag="210" ind1="" ind2="">
   <subfield code="a">ADHES AGE</subfield>
  </datafield>
  <datafield tag="260" ind1="" ind2="">
   <subfield code="a">Atlanta, etc.</subfield>
   <subfield code="b">Access Intelligence, LLC</subfield>
  </datafield>
  <datafield tag="022" ind1="" ind2="">
   <subfield code="a">0001-821X</subfield>
  </datafield>
  <datafield tag="090" ind1="" ind2="">
   <subfield code="a">954921333015</subfield>
  </datafield>
  <datafield tag="866" ind1="" ind2="">
   <subfield code="a">Available from 1994 until 2004. </subfield>
   <subfield code="s">111037301464002</subfield>
   <subfield code="t">111037301464000</subfield>
   <subfield code="x">Factiva:Full Text</subfield>
   <subfield code="z">111037302894010</subfield>
  </datafield>
  <datafield tag="866" ind1="" ind2="">
   <subfield code="a">Available from 1992 until 1999. </subfield>
   <subfield code="s">2550000000000007</subfield>
   <subfield code="t">2550000000000007</subfield>
   <subfield code="x">ProQuest ABI/INFORM Complete New Platform:Full Text</subfield>
   <subfield code="z">2550000000159544</subfield>
  </datafield>
  <datafield tag="866" ind1="" ind2="">
   <subfield code="a">Available from 1992 until 1999. </subfield>
   <subfield code="s">2400000000000007</subfield>
   <subfield code="t">2400000000000007</subfield>
   <subfield code="x">ProQuest ABI/INFORM Trade &amp; Industry New Platform:Full Text</subfield>
   <subfield code="z">2550000000127680</subfield>
  </datafield>
  <datafield tag="650" ind1="" ind2="4">
   <subfield code="a">Chemistry</subfield>
   <subfield code="x">Chemical Engineering</subfield>
  </datafield>
 </record>