
 <record>
  <leader>-----nas-a2200000z--4500</leader>
  <controlfield tag="008">150820uuuuuuuuuxx-uu-|------u|----|eng-d</controlfield>
  <datafield tag="010" ind1="" ind2="">
   <subfield code="a">   78648129 </subfield>
  </datafield>
  <datafield tag="245" ind1="" ind2="0">
   <subfield code="a">Administrative Science Quarterly</subfield>
  </datafield>
  <datafield tag="210" ind1="" ind2="">
   <subfield code="a">ADM SCI Q</subfield>
  </datafield>
  <datafield tag="210" ind1="" ind2="">
   <subfield code="a">ADMIN SCI QUART</subfield>
  </datafield>
  <datafield tag="210" ind1="" ind2="">
   <subfield code="a">ADM. SCI. Q</subfield>
  </datafield>
  <datafield tag="260" ind1="" ind2="">
   <subfield code="a">Ithaca, N.Y.</subfield>
   <subfield code="b">Cornell University, Johnson Graduate School</subfield>
  </datafield>
  <datafield tag="022" ind1="" ind2="">
   <subfield code="a">0001-8392</subfield>
  </datafield>
  <datafield tag="776" ind1="" ind2="">
   <subfield code="x">1930-3815</subfield>
  </datafield>
  <datafield tag="090" ind1="" ind2="">
   <subfield code="a">954921333016</subfield>
  </datafield>
  <datafield tag="866" ind1="" ind2="">
   <subfield code="a">Available from 1956. </subfield>
   <subfield code="s">1000000000001224</subfield>
   <subfield code="t">1000000000000630</subfield>
   <subfield code="x">Business Source Complete:Full Text</subfield>
   <subfield code="z">1000000000123063</subfield>
  </datafield>
  <datafield tag="866" ind1="" ind2="">
   <subfield code="a">Available from 1995 until 2000. </subfield>
   <subfield code="s">3450000000000061</subfield>
   <subfield code="t">3450000000000049</subfield>
   <subfield code="x">EBSCOhost OmniFile Full Text Select:Full Text</subfield>
   <subfield code="z">3450000000026685</subfield>
  </datafield>
  <datafield tag="866" ind1="" ind2="">
   <subfield code="a">Available from 1956. </subfield>
   <subfield code="s">1000000000003191</subfield>
   <subfield code="t">1000000000002497</subfield>
   <subfield code="x">EBSCOhost Political Science Complete:Full Text</subfield>
   <subfield code="z">1000000002098212</subfield>
  </datafield>
  <datafield tag="866" ind1="" ind2="">
   <subfield code="a">Available from 1990. </subfield>
   <subfield code="s">1000000000002115</subfield>
   <subfield code="t">1000000000001465</subfield>
   <subfield code="x">Education Research Complete:Full Text</subfield>
   <subfield code="z">2670000000148099</subfield>
  </datafield>
  <datafield tag="866" ind1="" ind2="">
   <subfield code="a">Available from 1956 volume: 1 issue: 1 until 2011 volume: 56 issue: 4. </subfield>
   <subfield code="s">111081201237001</subfield>
   <subfield code="t">111081201237000</subfield>
   <subfield code="x">JSTOR Arts and Sciences IV:Full Text</subfield>
   <subfield code="z">111082312354002</subfield>
  </datafield>
  <datafield tag="866" ind1="" ind2="">
   <subfield code="a">Available from 1956 volume: 1 issue: 1 until 2011 volume: 56 issue: 4. </subfield>
   <subfield code="s">111006221384001</subfield>
   <subfield code="t">111006221384000</subfield>
   <subfield code="x">JSTOR Business Collection:Full Text</subfield>
   <subfield code="z">111006223850029</subfield>
  </datafield>
  <datafield tag="866" ind1="" ind2="">
   <subfield code="a">Available from 1987 until 2001. </subfield>
   <subfield code="s">2550000000000007</subfield>
   <subfield code="t">2550000000000007</subfield>
   <subfield code="x">ProQuest ABI/INFORM Complete New Platform:Full Text</subfield>
   <subfield code="z">2550000000159548</subfield>
 </datafield>
 </record>
 </collection>
